<?xml version="1.0" encoding="UTF-8"?>
<collection xmlns:xsi="http://www.w3.org/2001/XMLSchema-instance" xsi:schemaLocation="http://www.loc.gov/MARC21/slim http://www.loc.gov/standards/marcxml/schema/MARC21slim.xsd" xmlns="http://www.loc.gov/MARC21/slim">
<record>
  <leader>00892cam a22002411  4500</leader>
  <controlfield tag="001">3071902</controlfield>
  <controlfield tag="003">NNC</controlfield>
  <controlfield tag="005">20151019143200.0</controlfield>
  <controlfield tag="008">010822s1905    ua            000 0 ara d</controlfield>
  <datafield tag="035" ind1=" " ind2=" ">
    <subfield code="a">(OCoLC)ocm47826664</subfield>
  </datafield>
  <datafield tag="035" ind1=" " ind2=" ">
    <subfield code="9">ATP4918CU</subfield>
  </datafield>
  <datafield tag="035" ind1=" " ind2=" ">
    <subfield code="a">(NNC)3071902</subfield>
  </datafield>
  <datafield tag="040" ind1=" " ind2=" ">
    <subfield code="a">ZCU</subfield>
    <subfield code="c">ZCU</subfield>
  </datafield>
  <datafield tag="099" ind1=" " ind2=" ">
    <subfield code="a">893.791</subfield>
    <subfield code="a">B167</subfield>
  </datafield>
  <datafield tag="100" ind1="1" ind2=" ">
    <subfield code="a">Bājūrī, Ibrāhīm ibn Muḥammad,</subfield>
    <subfield code="d">1783 or 1784-1860.</subfield>
  </datafield>
  <datafield tag="245" ind1="1" ind2="0">
    <subfield code="a">H̄ashīyah ʻalá Matn al-Sanūsīyah.</subfield>
  </datafield>
  <datafield tag="260" ind1=" " ind2=" ">
    <subfield code="a">Miṣr,</subfield>
    <subfield code="b">Aḥmad ʻAlī al-Malījī,</subfield>
    <subfield code="c">1323 [1905]</subfield>
  </datafield>
  <datafield tag="300" ind1=" " ind2=" ">
    <subfield code="a">52 p.</subfield>
  </datafield>
  <datafield tag="500" ind1=" " ind2=" ">
    <subfield code="a">The Taqrir of Shams-al-Din al-Anbabi is printed on the margins.</subfield>
  </datafield>
  <datafield tag="650" ind1=" " ind2="0">
    <subfield code="a">Islam</subfield>
    <subfield code="x">Doctrines.</subfield>
  </datafield>
  <datafield tag="600" ind1="1" ind2="0">
    <subfield code="a">Sanūsī, Muḥammad ibn Yūsuf,</subfield>
    <subfield code="d">approximately 1427-approximately 1490.</subfield>
    <subfield code="t">ʻAqidat ahl al-tawḥīd wa-al-tashdīd.</subfield>
  </datafield>
  <datafield tag="700" ind1="1" ind2=" ">
    <subfield code="a">Anbābī, Muḥammad ibn Muḥammad,</subfield>
    <subfield code="d">1824 or 1825-1895 or 1896.</subfield>
    <subfield code="t">Taqrīr.</subfield>
  </datafield>
  <datafield tag="955" ind1=" " ind2=" ">
    <subfield code="b">CU07839570</subfield>
    <subfield code="d">off,glx</subfield>
    <subfield code="e">893.791 B167</subfield>
  </datafield>
</record>
</collection>